@incollection{Yang_2013,
doi = {10.1007/978-3-642-29694-9_16},
url = {http://dx.doi.org/10.1007/978-3-642-29694-9_16},
year = 2013,
publisher = {Springer Science Business Media},
pages = {405--420},
author = {Xin-She Yang},
title = {Metaheuristic Optimization: Nature-Inspired Algorithms and Applications},
booktitle = {Studies in Computational Intelligence}
}

@INPROCEEDINGS{Kennedy95, 
author={J. Kennedy and R. Eberhart}, 
booktitle={Neural Networks, 1995. Proceedings., IEEE International Conference on}, 
title={Particle swarm optimization}, 
year={1995}, 
volume={4}, 
pages={1942-1948 vol.4}, 
doi={10.1109/ICNN.1995.488968}, 
month={Nov},}

@INPROCEEDINGS{Yang2009, 
author={X. S. Yang and Suash Deb}, 
booktitle={Nature Biologically Inspired Computing, 2009. NaBIC 2009. World Congress on}, 
title={Cuckoo Search via Levy flights}, 
year={2009}, 
pages={210-214}, 
doi={10.1109/NABIC.2009.5393690}, 
month={Dec},}

@inproceedings{Koro_ec_2009,
doi = {10.1145/1555284.1555291},
url = {http://dx.doi.org/10.1145/1555284.1555291},
year = 2009,
publisher = {Association for Computing Machinery ({ACM})},
author = {Peter Koro{\v{s}}ec and Jurij {\v{S}}ilc},
title = {A distributed ant-based algorithm for numerical optimization},
booktitle = {Proceedings of the 2009 workshop on Bio-inspired algorithms for distributed systems - BADS 09}
}

@article{Mirjalili201446,
title = "Grey Wolf Optimizer ",
journal = "Advances in Engineering Software ",
volume = "69",
number = "",
pages = "46 - 61",
year = "2014",
note = "",
issn = "0965-9978",
doi = "http://dx.doi.org/10.1016/j.advengsoft.2013.12.007",
url = "http://www.sciencedirect.com/science/article/pii/S0965997813001853",
author = "Seyedali Mirjalili and Seyed Mohammad Mirjalili and Andrew Lewis",
}

@Article{Mirjalili2016,
author="Mirjalili, Seyedali
and Mirjalili, Seyed Mohammad
and Hatamlou, Abdolreza",
title="Multi-Verse Optimizer: a nature-inspired algorithm for global optimization",
journal="Neural Computing and Applications",
year="2016",
volume="27",
number="2",
pages="495--513",
issn="1433-3058",
doi="10.1007/s00521-015-1870-7",
url="http://dx.doi.org/10.1007/s00521-015-1870-7"
}


@article{Mirjalili2015228,
title = "Moth-flame optimization algorithm: A novel nature-inspired heuristic paradigm ",
journal = "Knowledge-Based Systems ",
volume = "89",
number = "",
pages = "228 - 249",
year = "2015",
note = "",
issn = "0950-7051",
doi = "http://dx.doi.org/10.1016/j.knosys.2015.07.006",
url = "http://www.sciencedirect.com/science/article/pii/S0950705115002580",
author = "Seyedali Mirjalili"
}

@article{Mirjalili201651,
title = "The Whale Optimization Algorithm ",
journal = "Advances in Engineering Software ",
volume = "95",
number = "",
pages = "51 - 67",
year = "2016",
note = "",
issn = "0965-9978",
doi = "http://dx.doi.org/10.1016/j.advengsoft.2016.01.008",
url = "http://www.sciencedirect.com/science/article/pii/S0965997816300163",
author = "Seyedali Mirjalili and Andrew Lewis"
}

@InProceedings{Yang2010,
author="Yang, Xin-She",
editor="Gonz{\'a}lez, Juan R.
and Pelta, David Alejandro
and Cruz, Carlos
and Terrazas, Germ{\'a}n
and Krasnogor, Natalio",
title="A New Metaheuristic Bat-Inspired Algorithm",
booktitle="Nature Inspired Cooperative Strategies for Optimization (NICSO 2010)",
year="2010",
publisher="Springer Berlin Heidelberg",
address="Berlin, Heidelberg",
pages="65--74",
isbn="978-3-642-12538-6",
doi="10.1007/978-3-642-12538-6_6",
url="http://dx.doi.org/10.1007/978-3-642-12538-6_6"
}

@article{Yang2010FFA,
 author = {Yang, Xin-She},
 title = {Firefly Algorithm, Stochastic Test Functions and Design Optimisation},
 journal = {Int. J. Bio-Inspired Comput.},
 issue_date = {March 2010},
 volume = {2},
 number = {2},
 month = mar,
 year = {2010},
 issn = {1758-0366},
 pages = {78--84},
 numpages = {7},
 url = {http://dx.doi.org/10.1504/IJBIC.2010.032124},
 doi = {10.1504/IJBIC.2010.032124},
 acmid = {1813472},
 publisher = {Inderscience Publishers},
 address = {Inderscience Publishers, Geneva, SWITZERLAND},
 keywords = {PSO, bio\&\#45;inspired computation, design optimisation, firefly algorithm, metaheuristics, nonlinear design, particle swarm optimisation, pressure vessel design, stochastic test function},
} 


@article{Holland92,
author = 	{Holland, J.},
title = 	{Genetic Algorithms},
journal =	{Scientific American},
pages = 	{66-72},
year = 		1992
}


@book{Koza1992,
author = {Koza, John R.},
title = {Genetic Programming: On the Programming of Computers by Means of Natural Selection},
year = {1992},
isbn = {0-262-11170-5},
publisher = {MIT Press},
address = {Cambridge, MA, USA}
} 

@Article{Beyer2002,
author="Beyer, Hans-Georg
and Schwefel, Hans-Paul",
title="Evolution strategies -- A comprehensive introduction",
journal="Natural Computing",
year="2002",
volume="1",
number="1",
pages="3--52",
issn="1572-9796",
doi="10.1023/A:1015059928466",
url="http://dx.doi.org/10.1023/A:1015059928466"
}


@misc{GEATbx,
author = {{Hartmut Pohlheim}},
title = {GEATbx - The Genetic and Evolutionary Algorithm Toolbox for Matlab},
url = {http://www.geatbx.com/},
version = {3.8},
year = {2006},
}

@misc{GAlib,
author = {{Matthew Wall}},
title = {GAlib: A C++ Library of Genetic Algorithm Components},
url = {http://lancet.mit.edu/ga/},
version = {2.3.2},
year = {1996},
}

@article{DEAP_JMLR2012,
    author    = " F\'elix-Antoine Fortin and Fran\c{c}ois-Michel {De Rainville} and Marc-Andr\'e Gardner and Marc Parizeau and Christian Gagn\'e ",
    title     = { {DEAP}: Evolutionary Algorithms Made Easy },
    pages    = { 2171--2175 },
    volume    = { 13 },
    month     = { jul },
    year      = { 2012 },
    journal   = { Journal of Machine Learning Research }
}

@TECHREPORT{Wagner04,
    author = {Stefan Wagner and Michael Affenzeller},
    title = {The HeuristicLab optimization environment},
    institution = {University of Applied Sciences Upper Austria},
    year = {2004},
    url = {http://dev.heuristiclab.com/trac.fcgi/}
    
}

@article{Durillo2011,
title = "jMetal: A Java framework for multi-objective optimization",
journal = "Advances in Engineering Software",
volume = "42",
pages = "760-771 ",
year = "2011",
issn = "0965-9978",
doi = "DOI: 10.1016/j.advengsoft.2011.05.014",
url = "http://www.sciencedirect.com/science/article/pii/S0965997811001219",
author = "Juan J. Durillo and Antonio J. Nebro"

}

@Article{Cahon2004,
author="Cahon, S.
and Melab, N.
and Talbi, E.-G.",
title="ParadisEO: A Framework for the Reusable Design of Parallel and Distributed Metaheuristics",
journal="Journal of Heuristics",
year="2004",
volume="10",
number="3",
pages="357--380",
url="http://dx.doi.org/10.1023/B:HEUR.0000026900.92269.ec"
}

@techreport{humeau13,
  TITLE = {{ParadisEO-MO: From Fitness Landscape Analysis to Efficient Local Search Algorithms}},
  AUTHOR = {Humeau, J{\'e}r{\'e}mie and Liefooghe, Arnaud and Talbi, El-Ghazali and Verel, S{\'e}bastien},
  URL = {https://hal.inria.fr/hal-00665421},
  TYPE = {Research Report},
  NUMBER = {RR-7871},
  INSTITUTION = {{INRIA}},
  YEAR = {2013},
  PDF = {https://hal.inria.fr/hal-00665421/file/RR-7871.pdf},
  HAL_ID = {hal-00665421},
  HAL_VERSION = {v2},
}

@article{ho2002simple,
  title={Simple explanation of the no-free-lunch theorem and its implications},
  author={Ho, Yu-Chi and Pepyne, David L},
  journal={Journal of optimization theory and applications},
  volume={115},
  number={3},
  pages={549--570},
  year={2002},
  publisher={Springer}
}

@article{wolpert1997no,
	title={No free lunch theorems for optimization},
	author={Wolpert, David H and Macready, William G},
	journal={Evolutionary Computation, IEEE Transactions on},
	volume={1},
	number={1},
	pages={67--82},
	year={1997},
	publisher={IEEE}
}


